@ARTICLE{rvchallenge1,
   author = {{Dumusque}, X. and {Borsa}, F. and {Damasso}, M. and {D{\'{\i}}az}, R.~F. and 
	{Gregory}, P.~C. and {Hara}, N.~C. and {Hatzes}, A. and {Rajpaul}, V. and 
	{Tuomi}, M. and {Aigrain}, S. and {Anglada-Escud{\'e}}, G. and 
	{Bonomo}, A.~S. and {Bou{\'e}}, G. and {Dauvergne}, F. and {Frustagli}, G. and 
	{Giacobbe}, P. and {Haywood}, R.~D. and {Jones}, H.~R.~A. and 
	{Laskar}, J. and {Pinamonti}, M. and {Poretti}, E. and {Rainer}, M. and 
	{S{\'e}gransan}, D. and {Sozzetti}, A. and {Udry}, S.},
    title = "{Radial-velocity fitting challenge. II. First results of the analysis of the data set}",
  journal = {\aap},
archivePrefix = "arXiv",
   eprint = {1609.03674},
 primaryClass = "astro-ph.EP",
 keywords = {techniques: radial velocities, planetary systems, stars: oscillations, stars: activity, methods: data analysis},
     year = 2017,
    month = feb,
   volume = 598,
      eid = {A133},
    pages = {A133},
      doi = {10.1051/0004-6361/201628671},
   adsurl = {http://adsabs.harvard.edu/abs/2017A%26A...598A.133D},
  adsnote = {Provided by the SAO/NASA Astrophysics Data System}
}
